<?xml version="1.0" encoding="UTF-8"?><collection xmlns="http://www.loc.gov/MARC21/slim"><record><leader>00361nam--2200133-i-4500</leader><controlfield tag="001">000028763</controlfield><controlfield tag="002">20161230</controlfield><controlfield tag="005">20161230201037</controlfield><controlfield tag="008">060222s1000------------r-----000-0-eng-d</controlfield><datafield ind1=" " ind2=" " tag="080"><subfield code="a">519.283:681.3.06</subfield></datafield><datafield ind1=" " ind2=" " tag="100"><subfield code="a">Kuhn, H.W</subfield></datafield><datafield ind1=" " ind2=" " tag="245"><subfield code="a">A combinatorial algorithm for the assignment problem</subfield></datafield><datafield ind1=" " ind2=" " tag="260"><subfield code="a">Washington, G.Washington University, 1961. 8p</subfield></datafield><datafield ind1=" " ind2=" " tag="852"><subfield code="a">16772</subfield></datafield></record></collection>